@techreport{ESA2023,
  author       = {{European Space Agency}},
  title        = {Sentinel-1 User Guide},
  institution  = {European Space Agency},
  year         = {2023},
  url          = {https://sentinel.esa.int/web/sentinel/user-guides/sentinel-1-sar},
  note         = {Consulté le 23 mars 2025}
}


@misc{NASA2024,
  author       = {Voiland, Adam},
  title        = {An Eruption for Galápagos Iguanas},
  year         = {2024},
  publisher    = {NASA Earth Observatory},
  url          = {https://earthobservatory.nasa.gov/images/152538/an-eruption-for-galapagos-iguanas},
  note         = {Consulté le 23 mars 2025. Publié le 8 mars 2024}
}

@techreport{USGS2022,
  author       = {{United States Geological Survey}},
  title        = {Landsat 8 OLI and TIRS Calibration Notices},
  institution  = {U.S. Geological Survey},
  year         = {2022},
  url          = {https://www.usgs.gov/landsat-missions/landsat-8-oli-and-tirs-calibration-notices},
  note         = {Consulté le 23 mars 2025}
}

@techreport{CSA2019,
  author       = {{Canadian Space Agency}},
  title        = {RADARSAT Constellation Mission},
  institution  = {Canadian Space Agency},
  year         = {2019},
  url          = {https://www.asc-csa.gc.ca/pdf/eng/publications/radarsat-constellation-eng.pdf},
  note         = {Consulté le 23 mars 2025}
}

@article{Zakhvatkina2022,
  author       = {Lyu, Hangyu and Zakhvatkina, Natalia and Karvonen, Juha and Similä, Markku and Mäkynen, Marko},
  title        = {Sea Ice Detection From the RADARSAT Constellation Mission Experiment Data},
  journal      = {IEEE Transactions on Geoscience and Remote Sensing},
  volume       = {60},
  year         = {2022},
  pages        = {1--16},
  doi          = {10.1109/TGRS.2021.3117221}
}

@incollection{Derksen2019,
  author       = {Derksen, C. and Burgess, D. and Duguay, C. and Howell, S. and Mudryk, L. and Smith, S. and Thackeray, C. and Kirchmeier-Young, M.},
  title        = {Changes in snow, ice, and permafrost across Canada},
  booktitle    = {Canada's Changing Climate Report},
  editor       = {Bush, E. and Lemmen, D.S.},
  publisher    = {Government of Canada},
  year         = {2019},
  pages        = {194--260}
}

@misc{Weather2023,
  author       = {{National Weather Service}},
  title        = {Satellites - National Weather Service},
  year         = {2023},
  url          = {https://www.weather.gov/about/satellites},
  note         = {Consulté le 23 mars 2025}
}

@book{Capderou2014,
  author       = {Capderou, Michel},
  title        = {Handbook of Satellite Orbits: From Kepler to GPS},
  publisher    = {Springer International Publishing},
  year         = {2014},
  isbn         = {978-3-319-03415-7}
}

@article{Liu2023,
  author       = {Liu, Jiapei and Wang, Kai and Tang, Shilin and Mahmud, Md Soroar and Singha, Suman and Yackel, John},
  title        = {C- and L-band SAR signatures of Arctic sea ice during freeze-up},
  journal      = {Remote Sensing of Environment},
  volume       = {284},
  year         = {2023},
  pages        = {113372},
  doi          = {10.1016/j.rse.2022.113372}
}

@article{Webster2023,
  author       = {Gabarró, Carolina and Fabregat, Pau and Hernández-Macià, Ferran and Jove-Casulleras, Roger and Salvador, Joaquín and Spreen, Gunnar and Thielke, Linda and Dadic, Ruzica and Webster, Melinda A. and Holland, Marika M.},
  title        = {First results of the ARIEL L-band radiometer on the MOSAiC Arctic expedition},
  journal      = {Elementa: Science of the Anthropocene},
  volume       = {10},
  number       = {1},
  year         = {2023},
  pages        = {00031},
  doi          = {10.1525/elementa.2021.00031}
}

@misc{ESA2024,
  author       = {{European Space Agency}},
  title        = {Devastating floods in Spain witnessed by satellites},
  year         = {2024},
  url          = {https://www.esa.int/Applications/Observing_the_Earth/Devastating_floods_in_Spain_witnessed_by_satellites},
  note         = {Consulté le 23 mars 2025}
}

@techreport{NationalWeather2024,
  author       = {{National Weather Service}},
  title        = {Deorbit Systems - State-of-the-Art of Small Spacecraft Technology},
  institution  = {NASA},
  year         = {2024},
  url          = {https://www.nasa.gov/smallsat-institute/sst-soa/deorbit-systems/},
  note         = {Consulté le 23 mars 2025}
}

@article{Aggarwal2022,
  author       = {Aggarwal, Kapish and Noomen, Ron},
  title        = {Graveyard orbits for future Mars missions},
  journal      = {Acta Astronautica},
  volume       = {201},
  year         = {2022},
  pages        = {171--185},
  doi          = {10.1016/j.actaastro.2022.07.022}
}

@misc{ESA2022,
  author       = {{European Space Agency}},
  title        = {End-of-life disposal of satellites},
  year         = {2022},
  url          = {https://www.esa.int/Enabling_Support/Preparing_for_the_Future/Discovery_and_Preparation/End-of-life_disposal_of_satellites},
  note         = {Consulté le 23 mars 2025}
}